<record><leader>00000cas a2200000 a 4500</leader><controlfield tag="001">33265427</controlfield><controlfield tag="007">hd bfu---baat</controlfield><controlfield tag="007">hd afu---bact</controlfield><controlfield tag="008">951010d19301971nbuwr nea     0    0eng d</controlfield><datafield ind1=" " ind2=" " tag="010"><subfield code="a">sn 95073210 </subfield></datafield><datafield ind1=" " ind2=" " tag="040"><subfield code="a">NVG</subfield><subfield code="b">eng</subfield><subfield code="c">NVG</subfield><subfield code="d">OCL</subfield><subfield code="d">OCLCQ</subfield><subfield code="d">OCLCF</subfield><subfield code="d">OCLCO</subfield></datafield><datafield ind1="1" ind2=" " tag="029"><subfield code="a">AU@</subfield><subfield code="b">000022176989</subfield></datafield><datafield ind1=" " ind2=" " tag="042"><subfield code="a">msc</subfield></datafield><datafield ind1=" " ind2=" " tag="043"><subfield code="a">n-us-nb</subfield></datafield><datafield ind1="0" ind2=" " tag="130"><subfield code="a">Cozad local (Cozad, Neb. : 1930)</subfield></datafield><datafield ind1="1" ind2="4" tag="245"><subfield code="a">The Cozad local</subfield><subfield code="h">[microform].</subfield></datafield><datafield ind1="1" ind2="3" tag="246"><subfield code="a">Semiweekly Cozad local</subfield></datafield><datafield ind1=" " ind2=" " tag="260"><subfield code="a">Cozad, Neb. :</subfield><subfield code="b">C.F. &amp; M.S. Kleinhans,</subfield><subfield code="c">1930-1971.</subfield></datafield><datafield ind1=" " ind2=" " tag="300"><subfield code="a">39 v.</subfield></datafield><datafield ind1=" " ind2=" " tag="310"><subfield code="a">Weekly,</subfield><subfield code="b">Dec. 4, 1968-May 19, 1971</subfield></datafield><datafield ind1=" " ind2=" " tag="321"><subfield code="a">Frequency varies,</subfield><subfield code="b">Mar. 7, 1930-Feb. 21, 1968</subfield></datafield><datafield ind1="0" ind2=" " tag="362"><subfield code="a">Vol. 34, no. 88 (Mar. 7, 1930)-72nd year (May 19, 1971).</subfield></datafield><datafield ind1=" " ind2=" " tag="515"><subfield code="a">Suspended following Feb. 21, 1968 issue; resumed Dec. 4, 1968.</subfield></datafield><datafield ind1=" " ind2=" " tag="515"><subfield code="a">Vol. numbering dropped Apr. 6, 1967; resumed with 72nd year, no. 1 (Dec. 4, 1968).</subfield></datafield><datafield ind1=" " ind2=" " tag="515"><subfield code="a">Issue number dropped Mar. 5, 1969.</subfield></datafield><datafield ind1=" " ind2=" " tag="580"><subfield code="a">Supplement called: Platte Valley farmer-stockman.</subfield></datafield><datafield ind1=" " ind2=" " tag="533"><subfield code="a">Microfilm.</subfield><subfield code="m">1930-1971:[Gaps]</subfield><subfield code="b">Lincoln, Neb. :</subfield><subfield code="c">Nebraska State Historical Society,</subfield><subfield code="d">-1975.</subfield><subfield code="e">29 microfilm reels ; 35 mm.</subfield></datafield><datafield ind1=" " ind2="0" tag="651"><subfield code="a">Cozad (Neb.)</subfield><subfield code="v">Newspapers.</subfield></datafield><datafield ind1=" " ind2="0" tag="651"><subfield code="a">Dawson County (Neb.)</subfield><subfield code="v">Newspapers.</subfield></datafield><datafield ind1=" " ind2="7" tag="655"><subfield code="a">Newspapers.</subfield><subfield code="2">fast</subfield><subfield code="0">(OCoLC)fst01423814</subfield></datafield><datafield ind1=" " ind2="7" tag="651"><subfield code="a">Nebraska</subfield><subfield code="z">Cozad.</subfield><subfield code="2">fast</subfield><subfield code="0">(OCoLC)fst01228724</subfield></datafield><datafield ind1=" " ind2="7" tag="651"><subfield code="a">Nebraska</subfield><subfield code="z">Dawson County.</subfield><subfield code="2">fast</subfield><subfield code="0">(OCoLC)fst01211921</subfield></datafield><datafield ind1=" " ind2=" " tag="752"><subfield code="a">United States</subfield><subfield code="b">Nebraska</subfield><subfield code="c">Dawson</subfield><subfield code="d">Cozad.</subfield></datafield><datafield ind1="1" ind2=" " tag="770"><subfield code="t">Platte Valley farmer-stockman</subfield><subfield code="w">(DLC)sn 96080018</subfield></datafield><datafield ind1="0" ind2="0" tag="780"><subfield code="t">Semiweekly local (Cozad, Neb.)</subfield><subfield code="w">(DLC)sn 95073209</subfield></datafield></record>